@INPROCEEDINGS{cnproceed,
  author    = {王重阳 and 黄药师 and 欧阳峰 and 洪七公 and 段皇帝},
  title     = {武林高手从入门到精通},
  booktitle = {第~$N$~次华山论剑},
  year      = 2006,
  address   = {西安, 中国},
  month     = sep,
  lang      = "zh",
}
@ARTICLE{cnarticle,
  AUTHOR  = "贾宝玉 and 林黛玉 and 薛宝钗 and 贾探春",
  TITLE   = "论刘姥姥食量大如牛之现实意义",
  JOURNAL = "红楼梦杂谈",
  PAGES   = "260--266",
  VOLUME  = "224",
  YEAR    = "1800",
  LANG    = "zh",
}
